<record><leader>00000cas a2200000 a 4500</leader><controlfield tag="001">19346402</controlfield><controlfield tag="008">890311d19851993caudn ne      0   a0eng d</controlfield><datafield ind1=" " ind2=" " tag="010"><subfield code="a">sn 95061848 </subfield></datafield><datafield ind1=" " ind2=" " tag="040"><subfield code="a">CPS</subfield><subfield code="b">eng</subfield><subfield code="c">CPS</subfield><subfield code="d">CNK</subfield><subfield code="d">OCL</subfield><subfield code="d">OCLCQ</subfield><subfield code="d">OCLCF</subfield><subfield code="d">OCLCO</subfield></datafield><datafield ind1="1" ind2=" " tag="029"><subfield code="a">AU@</subfield><subfield code="b">000011868846</subfield></datafield><datafield ind1=" " ind2=" " tag="037"><subfield code="b">1321 Johnson Ave., P.O. Box 112, San Luis Obispo, CA 93406</subfield></datafield><datafield ind1=" " ind2=" " tag="042"><subfield code="a">msc</subfield></datafield><datafield ind1=" " ind2=" " tag="043"><subfield code="a">n-us-ca</subfield></datafield><datafield ind1=" " ind2=" " tag="090"><subfield code="a">AN1</subfield><subfield code="b">.S337</subfield></datafield><datafield ind1="0" ind2="4" tag="245"><subfield code="a">The County telegram-tribune.</subfield></datafield><datafield ind1="1" ind2=" " tag="246"><subfield code="i">Occasionally published as:</subfield><subfield code="a">County telegram-tribune trib</subfield></datafield><datafield ind1="3" ind2=" " tag="246"><subfield code="a">Trib</subfield></datafield><datafield ind1="1" ind2="7" tag="246"><subfield code="a">San Luis Obispo County telegram tribune</subfield></datafield><datafield ind1=" " ind2=" " tag="260"><subfield code="a">[San Luis Obispo, Calif.] :</subfield><subfield code="b">Telegram-Tribune Co.,</subfield><subfield code="c">1985-</subfield></datafield><datafield ind1=" " ind2=" " tag="300"><subfield code="a">v. :</subfield><subfield code="b">ill. ;</subfield><subfield code="c">58 cm.</subfield></datafield><datafield ind1=" " ind2=" " tag="310"><subfield code="a">Daily (except Sun.)</subfield></datafield><datafield ind1="0" ind2=" " tag="362"><subfield code="a">116 year, no. 136 (Jan. 14, 1985)-124th year, no. 212 (Apr. 10-11, 1993).</subfield></datafield><datafield ind1=" " ind2=" " tag="500"><subfield code="a">Includes the weekly supplements: North County tribune, vol. 1, no. 2 (Oct 23, 1986)-, and South County tribune (unnumbered), &lt;1986-&gt;.</subfield></datafield><datafield ind1=" " ind2=" " tag="500"><subfield code="a">Issue for Sat./Sun. called: The Trib.</subfield></datafield><datafield ind1=" " ind2=" " tag="500"><subfield code="a">Title from masthead.</subfield></datafield><datafield ind1=" " ind2="0" tag="651"><subfield code="a">San Luis Obispo County (Calif.)</subfield><subfield code="v">Newspapers.</subfield></datafield><datafield ind1=" " ind2="7" tag="655"><subfield code="a">Newspapers.</subfield><subfield code="2">fast</subfield><subfield code="0">(OCoLC)fst01423814</subfield></datafield><datafield ind1=" " ind2="7" tag="651"><subfield code="a">California</subfield><subfield code="z">San Luis Obispo County.</subfield><subfield code="2">fast</subfield><subfield code="0">(OCoLC)fst01215712</subfield></datafield><datafield ind1=" " ind2=" " tag="752"><subfield code="a">United States</subfield><subfield code="b">California</subfield><subfield code="c">San Luis Obispo</subfield><subfield code="d">San Luis Obispo.</subfield></datafield><datafield ind1="0" ind2="0" tag="780"><subfield code="t">Telegram-tribune (San Luis Obispo, Calif. : 1983)</subfield><subfield code="w">(DLC)sn 95061773</subfield></datafield><datafield ind1="0" ind2="0" tag="785"><subfield code="t">San Luis Obispo County telegram-tribune (San Luis Obispo, Calif. : 1993)</subfield><subfield code="w">(DLC)sn 95061849</subfield></datafield></record>